%%%%%%%%%%%%%%%%%%%%%%%%%%%%%%%%%
%%%%%%%%%% Electrodinámica %%%%%%%%%%%%%%%%
%%%%%%%%%%%%%%%%%%%%%%%%%%%%%%%%%


@book{Jackson,
   title =     {Classical electrodynamics},
   author =    {John David Jackson},
   publisher = {Wiley},
   isbn =      {9780471309321,047130932X},
   year =      {1999},
   series =    {},
   edition =   {3rd ed},
   volume =    {},
   url =       {}}


@book{Chaichian,
   title =     {Electrodynamics: An Intensive Course},
   author =    {Masud Chaichian, Ioan Merches, Daniel Radu, Anca Tureanu (auth.)},
   publisher = {Springer-Verlag Berlin Heidelberg},
   isbn =      {978-3-642-17380-6,978-3-642-17381-3},
   year =      {2016},
   series =    {},
   edition =   {1},
   volume =    {},
   url =       {}}


@book{Lacava,
   title =     {Classical Electrodynamics: From Image Charges to the Photon Mass and Magnetic Monopoles},
   author =    {Francesco Lacava (auth.)},
   publisher = {Springer International Publishing},
   isbn =      {978-3-319-39473-2,978-3-319-39474-9},
   year =      {2016},
   series =    {Undergraduate Lecture Notes in Physics},
   edition =   {},
   volume =    {},
   url =       {http://gen.lib.rus.ec/book/index.php?md5=E81390667F76514D777948EE75D85BB8}}

@book{Purcell,
   title =     {Electricity and magnetism},
   author =    {Edward M Purcell},
   publisher = {Cambridge University Press},
   isbn =      {9781107013605,1107013607},
   year =      {2011},
   series =    {},
   edition =   {2},
   volume =    {},
   url =       {http://gen.lib.rus.ec/book/index.php?md5=8BB7246AE11380D99C1784E1E7121E16}}


@book{kleber,
   title =     {TEORIA DO ELETROMAGNETISMO, Volume 2  },
   author =    {KLEBER DAUM MACHADO},
   publisher = {UEPG},
   isbn =      {8586941263,9788586941269},
   year =      {2003},
   series =    {},
   edition =   {},
   volume =    {},
   url =       {http://gen.lib.rus.ec/book/index.php?md5=F2419187EF42DF4B087D33C684A0CD0D}}

%%%%%%%%%%%%%%%%%%%%%%%%%%%%%%%%%
%%%%%%%%%% Matemáticas %%%%%%%%%%%%%%%%
%%%%%%%%%%%%%%%%%%%%%%%%%%%%%%%%%





@book{Arfken,
   title =     {Mathematical Methods for Physicists},
   author =    {George B. Arfken, Hans J. Weber},
   publisher = {Elsevier},
   isbn =      {9780120598762,0120598760,0120885840},
   year =      {2005},
   series =    {},
   edition =   {6th ed},
   volume =    {},
   url =       {http://gen.lib.rus.ec/book/index.php?md5=DFF253C0FDFCDDC660BF2F661D226380}}


@book{Rudin,
   title =     {Real and complex analysis},
   author =    {Rudin W.},
   publisher = {MGH},
   isbn =      {},
   year =      {1970},
   series =    {},
   edition =   {},
   volume =    {},
   url =       {}}
   
   
@book{strichartz,
   title =     {A guide to distribution theory and Fourier transforms},
   author =    {Robert Strichartz},
   publisher = {CRC-Press},
   isbn =      {0849382734,9780849382734},
   year =      {1994},
   series =    {Studies in Advanced Mathematics},
   edition =   {1},
   volume =    {},
   url =       {http://gen.lib.rus.ec/book/index.php?md5=8A3AECECED080D2F988DB394EFABC801}}










%%%%%%%%%%%%%%%%%%%%%%%%%%%%%%%%%
%%%%%%%%%% fluidos %%%%%%%%%%%%%%%%
%%%%%%%%%%%%%%%%%%%%%%%%%%%%%%%%%

   
@book{George,
   title =     {Analytical fluid dynamics},
   author =    {George Emanuel},
   publisher = {CRC Press},
   isbn =      {0849391148,9780849391149,9781420036596},
   year =      {2001},
   series =    {},
   edition =   {2nd ed},
   volume =    {},
   url =       {http://gen.lib.rus.ec/book/index.php?md5=44E4CD0F61C275E16C10D9C911B36E1A}}


@book{Landau,
   title =     {Curso de física teórica. Vol. 6, Mecánica de fluidos},
   author =    {Lifshitz, E.M; Landau, L.},
   publisher = {Reverté},
   isbn =      {9788429140804,8429140808,9788429140873,8429140875},
   year =      {1991},
   series =    {},
   edition =   {},
   volume =    {6},
   url =       {http://gen.lib.rus.ec/book/index.php?md5=5CFD6681F0324FDC1A708AFC8F8A621C}}
   
   
   
%%%%%%%%%%%%%%%%%%%%%%%%%%%%%%%%%
%%%%%%%%%% Lattice %%%%%%%%%%%%%%%%
%%%%%%%%%%%%%%%%%%%%%%%%%%%%%%%%%
   
   
   
   
@book{kruger,
   title =     {The Lattice Boltzmann Method: Principles and Practice},
   author =    {Timm Krüger, Halim Kusumaatmaja, Alexandr Kuzmin, Orest Shardt, Goncalo Silva, Erlend Magnus Viggen (auth.)},
   publisher = {Springer International Publishing},
   isbn =      {978-3-319-44649-3,978-3-319-44647-9},
   year =      {2017},
   series =    {Graduate Texts in Physics},
   edition =   {1},
   volume =    {},
   url =       {http://gen.lib.rus.ec/book/index.php?md5=7B74F161BFE998821E1EB2DFF8BB336F}}
   


@book{lecture1,
   title =     {Lecture Notes on the Discretization of the Boltzmann Equation},
   author =    {N. Bellomo, Renee Gatignol},
   publisher = {World Scientific},
   isbn =      {9789812382252,9812382259},
   year =      {2003},
   series =    {Series on advances in mathematics for applied sciences 63},
   edition =   {},
   volume =    {},
   url =       {http://gen.lib.rus.ec/book/index.php?md5=C30FA5625C19FCB370562907F2530BE6}}
   
   
   
@book{lecture2,
   title =     {An Introduction to the Boltzmann Equation and Transport Processes in Gases},
   author =    {Gilberto Medeiros Kremer (auth.)},
   publisher = {Springer-Verlag Berlin Heidelberg},
   isbn =      {3642116957,9783642116957},
   year =      {2010},
   series =    {Interaction of Mechanics and Mathematics},
   edition =   {1},
   volume =    {},
   url =       {}}
   
   
@book{lecture3,
   title =     {Kinetic Theories and the Boltzmann Equation},
   author =    {C. Cercignani},
   publisher = {Springer},
   isbn =      {9783540128991,3540128999},
   year =      {1984},
   series =    {C.I.M.E. Held at Montecatini, ... 10-18, 1981},
   edition =   {1},
   volume =    {},
   url =       {}
}


@book{lecture4,
   title =     {The Relativistic Boltzmann Equation: Theory and Applications},
   author =    {Carlo Cercignani, Gilberto Medeiros Kremer (auth.)},
   publisher = {Birkhäuser Basel},
   isbn =      {978-3-0348-9463-0,978-3-0348-8165-4},
   year =      {2002},
   series =    {Progress in Mathematical Physics 22},
   edition =   {1},
   volume =    {},
   url =       {}
}

@book{lecture5,
   title =     {The Boltzmann Equation and Its Applications},
   author =    {Carlo Cercignani (auth.)},
   publisher = {Springer-Verlag New York},
   isbn =      {978-1-4612-6995-3,978-1-4612-1039-9},
   year =      {1988},
   series =    {Applied Mathematical Sciences 67},
   edition =   {1},
   volume =    {},
   url =       {}
}

@article{BGK,
    author =       "P.L Bhatnagar, E.P. Dross, M. Krook",
    title =        "A model for collision processes in gases.",
    journal =      "physical Review",
    volume =       "94",
    number =       "3",
    pages =        "511--525",
    year =         "1967",
    DOI =          "http://dx.doi.org/10.1002/andp.19053221004"
}


@book{principal,
   title =     {The lattice Boltzmann method: Fundamentals and acoustics},
   author =    {E. M. Viggen (auth.)},
   publisher = {Norwegian University od Science and Technology},
   isbn =      {978-82-326-0036-6},
   year =      {2014},
   series =    {Doctoral theses at NTNU},
   edition =   {1},
   volume =    {},
   url =       {}
}
   
   
   %%%%%%%%%%%%%%%%%%%%%%%%%%%%%%%%%
%%%%%%%%%% M Estadística %%%%%%%%%%%%%%%%
%%%%%%%%%%%%%%%%%%%%%%%%%%%%%%%%%
   
   
 @book{Schwabl,
   title =     {Statistical Mechanics},
   author =    {Franz Schwabl, William D. Brewer},
   publisher = {Springer},
   isbn =      {3642068871,9783642068874},
   year =      {2010},
   series =    {Springer-Lehrbuch},
   edition =   {2nd ed.},
   volume =    {},
   url =       {http://gen.lib.rus.ec/book/index.php?md5=D1F9D5863ABD8387ACA128A957F625F9}
}

%%%%%%%%%%%%%%%%%%%%%%%%%%%%%%%%%
%%%%%%%%%% MHD %%%%%%%%%%%%%%%%
%%%%%%%%%%%%%%%%%%%%%%%%%%%%%%%%%
   
@article{Dellar,
    author =       "P. J. Dellar",
    title =        "Lattice Kinectic Schemes for Magnetohydrodynamics",
    journal =      "Journal of Computational Physics ",
    volume =       "",
    number =       "179",
    pages =        "95--126",
    year =         "2002",
    DOI =          "10.1006/jcph.2002.7044"
}
